@MISC{Masahiro:2016,
  author = {Masahiro Matsui et al.},
  title = {Milagro Multi-Factor Authentication},
  howpublished={\url{https://www.ntt-review.jp/archive/ntttechnical.php?contents=ntr201612ra1.html}}
}

@MISC{Michael:2013,
  author = {Michael Scott},
  title = {M-Pin: A Multi-Factor Zero Knowledge
  Authentication Protocol},
  howpublished={\url{https://miracl.com/assets/pdf-downloads/mpin4.pdf}}
}
