@MISC{Masahiro:2016,
  author = {Masahiro Matsui et al.},
  title = {Milagro Multi-Factor Authentication},
  howpublished={\url{https://www.ntt-review.jp/archive/ntttechnical.php?contents=ntr201612ra1.html}}
}

@MISC{Michael:2013,
  author = {Michael Scott},
  title = {M-Pin: A Multi-Factor Zero Knowledge
  Authentication Protocol},
  howpublished={\url{https://miracl.com/assets/pdf-downloads/mpin4.pdf}}
}

@MISC{Alfred:2013,
  author = {Alfred Menezes},
  title = {An Introduction to Pairing-Based Cryptography},
  howpublished={\url{https://www.math.uwaterloo.ca/~ajmeneze/publications/pairings.pdf}}
}

@MISC{Steven:2013,
  author = {Steven D. et al},
  title = {Pairings for Cryptographers},
  howpublished={\url{https://eprint.iacr.org/2006/165.pdf}}
}

@MISC{Aztec:2013,
  author = {Aztec},
  title = {The Aztec Protocol},
  howpublished={\url{https://github.com/AztecProtocol/weierstrudel/}}
}
@MISC{Barreto:2013,
  author = {Barreto et al.},
  title = {Pairing-Friendly Elliptic Curves of Prime Order},
  howpublished={\url{https://link.springer.com/content/pdf/10.1007%2F11693383_22.pdf}}
}

@MISC{Scott:2013,
  author = {Michael Scott},
  title = {Authenticated ID-based Key Exchange and
  remote log-in with simple token and PIN
  number},
  howpublished={\url{https://eprint.iacr.org/2002/164.pdf}}
}
@MISC{Boneh:2013,
  author = {Dan Boneh and Matt Franklin},
  title = {Identity-Based Encryption from the Weil Pairing},
  howpublished={\url{https://link.springer.com/content/pdf/10.1007/3-540-44647-8_13.pdf}}
}